{
  "leader": "01508cam a2200349Ii 4500",
  "fields": [
    {
      "001": "ocm00739110\\"
    },
    {
      "003": "OCoLC"
    },
    {
      "005": "20220103091947.0"
    },
    {
      "008": "731109s1894\\\\\\\\ctu\\\\\\\\\\\\\\\\\\\\\\000\\0\\eng\\c"
    },
    {
      "010": {
        "ind1": "\\",
        "ind2": "\\",
        "subfields": [
          {
            "a": "   04003798 "
          }
        ]
      }
    },
    {
      "040": {
        "ind1": "\\",
        "ind2": "\\",
        "subfields": [
          {
            "a": "MRC"
          },
          {
            "b": "eng"
          },
          {
            "c": "MRC"
          },
          {
            "d": "OCLCG"
          },
          {
            "d": "STF"
          },
          {
            "d": "KRTAS"
          },
          {
            "d": "TFWBL"
          },
          {
            "d": "OCLCF"
          },
          {
            "d": "P4I"
          },
          {
            "d": "OCLCQ"
          },
          {
            "d": "OCLCO"
          }
        ]
      }
    },
    {
      "035": {
        "ind1": "\\",
        "ind2": "\\",
        "subfields": [
          {
            "a": "(OCoLC)739110"
          }
        ]
      }
    },
    {
      "050": {
        "ind1": "0",
        "ind2": "4",
        "subfields": [
          {
            "a": "HB171.7"
          },
          {
            "b": ".A55 1894"
          }
        ]
      }
    },
    {
      "082": {
        "ind1": "0",
        "ind2": "4",
        "subfields": [
          {
            "a": "331"
          },
          {
            "b": "AND"
          }
        ]
      }
    },
    {
      "100": {
        "ind1": "1",
        "ind2": "\\",
        "subfields": [
          {
            "a": "Andrews, Elisha Benjamin,"
          },
          {
            "d": "1844-1917."
          }
        ]
      }
    },
    {
      "245": {
        "ind1": "1",
        "ind2": "0",
        "subfields": [
          {
            "a": "Wealth and moral law /"
          },
          {
            "c": "by E. Benjamin Andrews, D.D., LL.D. (president of Brown University)."
          }
        ]
      }
    },
    {
      "260": {
        "ind1": "\\",
        "ind2": "\\",
        "subfields": [
          {
            "a": "Hartford, Conn. :"
          },
          {
            "b": "Hartford Seminary Press,"
          },
          {
            "c": "1894."
          }
        ]
      }
    },
    {
      "300": {
        "ind1": "\\",
        "ind2": "\\",
        "subfields": [
          {
            "a": "[4] 5-135 pages ;"
          },
          {
            "c": "20 cm."
          }
        ]
      }
    },
    {
      "336": {
        "ind1": "\\",
        "ind2": "\\",
        "subfields": [
          {
            "a": "text"
          },
          {
            "b": "txt"
          },
          {
            "2": "rdacontent"
          }
        ]
      }
    },
    {
      "337": {
        "ind1": "\\",
        "ind2": "\\",
        "subfields": [
          {
            "a": "unmediated"
          },
          {
            "b": "n"
          },
          {
            "2": "rdamedia"
          }
        ]
      }
    },
    {
      "338": {
        "ind1": "\\",
        "ind2": "\\",
        "subfields": [
          {
            "a": "volume"
          },
          {
            "b": "nc"
          },
          {
            "2": "rdacarrier"
          }
        ]
      }
    },
    {
      "490": {
        "ind1": "1",
        "ind2": "\\",
        "subfields": [
          {
            "a": "The Carew lectures for 1894, Hartford Theological Seminary"
          }
        ]
      }
    },
    {
      "505": {
        "ind1": "0",
        "ind2": "\\",
        "subfields": [
          {
            "a": "General view of wealth and its moral relations -- Trusts and other combinations of capital -- Economic evils as aided by legislation -- Economic evils due to social conditions -- Socialism -- Weal and character."
          }
        ]
      }
    },
    {
      "650": {
        "ind1": "\\",
        "ind2": "0",
        "subfields": [
          {
            "a": "Economics."
          }
        ]
      }
    },
    {
      "650": {
        "ind1": "\\",
        "ind2": "0",
        "subfields": [
          {
            "a": "Wealth."
          }
        ]
      }
    },
    {
      "650": {
        "ind1": "\\",
        "ind2": "7",
        "subfields": [
          {
            "a": "Economics."
          },
          {
            "2": "fast"
          },
          {
            "0": "(OCoLC)fst00902116"
          }
        ]
      }
    },
    {
      "650": {
        "ind1": "\\",
        "ind2": "7",
        "subfields": [
          {
            "a": "Wealth."
          },
          {
            "2": "fast"
          },
          {
            "0": "(OCoLC)fst01172973"
          }
        ]
      }
    },
    {
      "776": {
        "ind1": "0",
        "ind2": "8",
        "subfields": [
          {
            "i": "Online version:"
          },
          {
            "a": "Andrews, Elisha Benjamin, 1844-1917."
          },
          {
            "t": "Wealth and moral law."
          },
          {
            "d": "Hartford, Conn., Hartford Seminary Press, 1894"
          },
          {
            "w": "(OCoLC)616280263"
          }
        ]
      }
    },
    {
      "830": {
        "ind1": "\\",
        "ind2": "0",
        "subfields": [
          {
            "a": "Carew lectures ;"
          },
          {
            "v": "1894."
          }
        ]
      }
    },
    {
      "994": {
        "ind1": "\\",
        "ind2": "\\",
        "subfields": [
          {
            "a": "Z0"
          },
          {
            "b": "NYRVC"
          }
        ]
      }
    },
    {
      "948": {
        "ind1": "\\",
        "ind2": "\\",
        "subfields": [
          {
            "h": "NO HOLDINGS IN NYRVC - 66 OTHER HOLDINGS"
          }
        ]
      }
    },
    {
      "999": {
        "ind1": "\\",
        "ind2": "\\",
        "subfields": [
          {
            "a": "No barcode."
          }
        ]
      }
    }
  ]
}